@article{abbott2016observation,
  title={Observation of gravitational waves from a binary black hole merger},
  author={Abbott, B.P. and others},
  journal={Physical Review Letters},
  volume={116},
  number={6},
  pages={061102},
  year={2016},
  publisher={APS}
}
@online{vla_history_csdn,
  author       = {July},
  title        = {机器人大脑VLA的发展史——从微调VLM起步:详解RoboFlamingo、Octo、TinyVLA},
  year         = {2024},
  url          = {https://blog.csdn.net/v_JULY_v/article/details/144176405},
  note         = {访问日期:2025-06-25},
}

@online{vlm_constrained_planning,
  author       = {July},
  title        = {让VLM充当机器的指路人——VLM规划下加约束:从SayCan、VoxPoser到ViLA、CoPa、ReKep},
  year         = {2023},
  url          = {https://blog.csdn.net/v_JULY_v/article/details/136773017},
  note         = {访问日期:2025-06-25},
}
